% This file was created with JabRef 2.10.
% Encoding: Cp1252


@Article{REF17,
  Title                    = {Evaluation of a Content-Based Retrieval System for Blood Cell Images with Automated Methods.},
  Author                   = {Woo Chaw and Seyed Mirisaee},
  Journal                  = {Journal of Medical Systems},
  Year                     = {2011},

  Owner                    = {Familia},
  Timestamp                = {2013.11.24}
}

@Article{REF06,
  Title                    = {Health information technology--results from a roundtable discussion},
  Author                   = {Balfour DC and Evans S and Januska J and Lee HY and Lewis SJ and Nolan SR and Noga M and Stemple C and Thapar K},
  Journal                  = {Journal of Managed Care Pharmacy},
  Year                     = {2009},

  Owner                    = {Familia},
  Timestamp                = {2013.11.24}
}

@Article{REF01,
  Title                    = {Telemedicine},
  Author                   = {Todd Dorman},
  Journal                  = {Anesthesiology Clinics of North America},
  Year                     = {1999},

  Owner                    = {Familia},
  Timestamp                = {2013.11.24}
}

@Article{REF09,
  Title                    = {Factors that promote or inhibit the implementation of e-health systems: an explanatory systematic review},
  Author                   = {Mair FS and May C andO Donnell C and Finch T and Sullivan F and Murray E.},
  Journal                  = {Bulletin of the World Health Organization},
  Year                     = {2012},

  Owner                    = {Familia},
  Timestamp                = {2013.11.24}
}

@Article{REF14,
  Title                    = {Content-Based image retrieval in medical applications for picture archiving and communication systems},
  Author                   = {Mark O. Guld and Thomas Lehmann and Christian Thies and Benedikt Fischer and Daniel Keysers and Michael Kohnen and Henning Schubert and Berthold Wein},
  Journal                  = {Medical Imaging},
  Year                     = {2003},

  Owner                    = {Familia},
  Timestamp                = {2013.11.24}
}

@Article{REF18,
  Title                    = {A platform for distributed image processing and image retrieval.Visual Communications and Image Processing},
  Author                   = {Mark O. Guld and Christian Thies and Benedikt Fischer and Daniel Keysers and Berthold Wein and Thomas Lehmann},
  Journal                  = {Visual Communications and Image Processing},
  Year                     = {2003},

  Owner                    = {Familia},
  Timestamp                = {2013.11.24}
}

@Article{REF10,
  Title                    = {A generic concept for the implementation of medical image retrieval systems},
  Author                   = {Mark O. Guld and Christian Thies and Benedikt Fischer and Thomas M. Lehmann},
  Journal                  = {International Journal of Medical Informatics},
  Year                     = {2007},

  Owner                    = {Familia},
  Timestamp                = {2013.11.24}
}

@Article{REF03,
  Title                    = {Use of Electronic Health Records in U.S. Hospitals},
  Author                   = {Ashish JHA and Catherine Desroches and Eric Campbell and Karen Donelan and Sowmya Rao and Timothy Ferris and Alexandra Shields and Sara Rosenbaum and David Bluementhal},
  Journal                  = {The new england journal o f medicine},
  Year                     = {2009},

  Owner                    = {Familia},
  Timestamp                = {2013.11.24}
}

@Article{REF07,
  Title                    = {Telemedicina: possibilidades versus realidade},
  Author                   = {Osmir Kmeteuk and Carolina Anacleto},
  Journal                  = {Revista Eletrônica de Sistemas de Informação},
  Year                     = {2005},

  Owner                    = {Familia},
  Timestamp                = {2013.11.24}
}

@Article{REF16,
  Title                    = {A review of content-based image retrieval systems in medical applications -clinical benefits and future directions.},
  Author                   = {Henning Muller and Nicolas Michoux and David Bandon and Antoine Geissbuhler},
  Journal                  = {International Journal of Medical Informatics},
  Year                     = {2004},

  Owner                    = {Familia},
  Timestamp                = {2013.11.24}
}

@Article{REF02,
  Title                    = {Telemedicine},
  Author                   = {Ian Murdoch},
  Journal                  = {British Journal of Ophthalmology},
  Year                     = {1998},

  Owner                    = {Familia},
  Timestamp                = {2013.11.24}
}

@Article{REF21,
  Title                    = {Web-application development using the Model/View/Controller design pattern},
  Author                   = {Thomas J. Watson Res},
  Journal                  = {Enterprise Distributed Object Computing Conference},
  Year                     = {2001},

  Owner                    = {First Place},
  Timestamp                = {2015.06.25}
}

@Article{REF11,
  Title                    = {Picture archiving and communication systems: an overview},
  Author                   = {Choplin RH and Boehme JM and Maynard CD.},
  Journal                  = {RadioGraphics},
  Year                     = {1992},

  Owner                    = {Familia},
  Timestamp                = {2013.11.24}
}

@Article{REF04,
  Title                    = {Imagen médica, telemedicina y teleasistencia médica},
  Author                   = {Carles Rubies and Tomas Fernandez and Francesca Olvera and Joan Guanyabens},
  Journal                  = {Elsevier},
  Year                     = {2010},

  Owner                    = {Familia},
  Timestamp                = {2013.11.24}
}

@Article{REF12,
  Title                    = {Challenges of medical image processing},
  Author                   = {Ingrid Scholl and Til Aach and Thomas Deserno and Torsten Kunlen},
  Journal                  = {Computer Science - Research and Development},
  Year                     = {2011},

  Owner                    = {Familia},
  Timestamp                = {2013.11.24}
}

@Article{REF08,
  Title                    = {Content-based image retrieval at the end of the early years},
  Author                   = {A.W.M. Smeulders and M. Worring and S. Santini and A. Gupta and R. Jain.},
  Journal                  = {Pattern Analysis and Machine Intelligence, IEEE Transactions},
  Year                     = {2000},

  Owner                    = {Familia},
  Timestamp                = {2013.11.24}
}

@Article{REF05,
  Title                    = {Diagnostic Imaging: Powerful, Indispensable, and Out of Control},
  Author                   = {Robert Stern},
  Journal                  = {The American Journal of Medicine},
  Year                     = {2012},

  Owner                    = {Familia},
  Timestamp                = {2013.11.24}
}

@Article{REF15,
  Title                    = {Medical image databases-a content-based retrieval approach},
  Author                   = {H.D. Tagare and C.C. Jaffe and J. Dunca.},
  Journal                  = {Journal of the American Medical Informatics Association},
  Year                     = {1997},

  Owner                    = {Familia},
  Timestamp                = {2013.11.24}
}

@Article{REF19,
  Title                    = {Picture archiving and communication systems: A multicentre survey of users experience and satisfaction},
  Author                   = {See Ling Tan and Richard A. Lewis},
  Journal                  = {European Journal of Radiology},
  Year                     = {2010},
  Pages                    = {406-410},
  Volume                   = {75},

  Owner                    = {Familia},
  Timestamp                = {2014.03.30}
}

@Article{REF20,
  Title                    = {Conversion of DICOM Image in to JPEG, BMP AND PNG Image Format},
  Author                   = {Nitin Ujgare and Swai Baviskar},
  Journal                  = {International Journal of Computer Applications},
  Year                     = {2013},

  Owner                    = {First Place},
  Timestamp                = {2015.06.11}
}

@Article{REF13,
  Title                    = {Rapid wireless transmission of head CT images to a personal digital assistant for remote consultation},
  Author                   = {Vahid Yaghmai and Sean Salehi and Sivaraja Kuppuswami and Jonathan Berlin},
  Journal                  = {Academic radiology},
  Year                     = {2004},

  Owner                    = {Familia},
  Timestamp                = {2013.11.24}
}

