% This file was created with JabRef 2.7b.
% Encoding: UTF-8

@BOOK{manualpuc,
  organization = {PONTIFÍCIA UNIVERSIDADE CATÓLICA DE MINAS GERAIS},
  title = {  Padrão  PUC Minas de Normalização},
  subtitle = {normas da \uppercase{ABNT} para apresentação de teses, dissertações,  monografias   e  trabalhos acadêmicos},
  edition = {9},
  address = {rev. ampl. atual. Belo Horizonte},
  publisher = {PUC Minas},
  year = {2012},
  note = {Disponível em: <http://www.pucminas.br/biblioteca/>. Acesso em: 6 de set. 2013}
 }
 
 
 @BOOK{knuth,
  title = {The art of computer programming},
  publisher = {Addison-Wesley},
  year = {1968},
  author = {D. E. Knuth},
  volume = {Fundamental Algorithms},
  number = {16},
  edition = {16}
}
 
@inproceedings{dovzan:01,
  author = {Dejan Dovzan and Vito Logar and Igor Skrjanc},
  title = {Solving the sales prediction problem with fuzzy evolving methods},
  organization = {IEEE CONGRESS ON EVOLUTIONARY COMPUTATION, 1},
  conference-location  = {Brisbane},  
  conference-year = {2012},
  booktitle = {Proccedings...},
  year = {2012},
  address = {Washington},
  publisher = {IEEE},
  timestamp = {2012.11.12}
}

@BOOK{groupp,
  title = {Beowulf cluster computing with linux},
  publisher = {MIT Press},
  year = {2003},
  author = {W. Gropp},
  pages = {618},
  address = {Cambridge},
  edition = {2}
}

@ARTICLE{artigo01,
  author = {Edilberto P. Teixeira and Gilson Laforga},
  title = {An   analysis   of  some    neuro-fuzzy approaches for the control of nonlinear
	systems},
  journal = {Ciência \& Engenharia},
  year = {1995},
  volume = {4},
  pages = {7-12},
  number = {1},
  month = {jan./jun.},
  owner = {483193},
  publisher = {Uberlândia},
  timestamp = {2012.11.12}
}

@BOOK{hopeman,
  title = {Análise de sistemas e gerência de operações},
  publisher = {Vozes},
  year = {1974},
  author = {J. Richard},
  address = {Petrólis}
}

@INPROCEEDINGS{congresso,
    author={Antoniol, G. and Di Penta, M. and Harman, M.}, 
    booktitle={Proceedings... },
    organization = {International Symposium on Software Metrics, 10},
    conference-year = {2004},
    conference-location = {New York},
    title={A robust search-based approach to project management in the presence of abandonment, rework, error and uncertainty}, 
    address = {Washington},
    publisher = {IEEE Computer Society},
    year={2004}, 
    month={set.}, 
    volume={1}, 
    number={1}, 
    pages={ 172-183}
} 

@INBOOK{habermas,
  author = {Jürgen Habermas},
  title = {Trabalho e interação},
  subtitle = {notas sobre a filosofia do espírito de \uppercase{H}egel em \uppercase{I}ena},
  organization = {HABERMAS, J. testando},
  booktitle = {Técnica e ciência como "ideologia"},
  publisher = {Ed. 70},
  pages = {163--211},
  year = {1997},
  address = {Lisboa}
}


@MASTERSTHESIS{mestrado,
  author = {Anna Izabel João Tostes Ribeiro},
  title = {Representações neural e fuzzy de controle de admissão de chamadas para redes   {E-UMTS}},
  school = {Pontifícia  Universidade Católica de Minas Gerais, Programa de Pós-graduação
	em Informática, Belo Horizonte.},
  year = {2010}
}

@monography{monog-fabio,
address={Guanhães},
author={Fábio Leandro Rodrigues Cordeiro},
pages={46\hspace{-0.1cm}},
pagename={f.},
school={Pontifícia Universidade Católica de Minas Gerais},
title={Estudo comparativo   entre   plataforma monoprocessada e clustercomputing sobre as métricas de desempenho},
type={Conclusão de curso},
year={2010}
}

@phdthesis{tese,
author={Luís Fabrício Wanderley GÓES},
title={Automatic Skeleton-Driven performance optimizations for transactional memory},
address={Edinburgh},
school={The University of Edinburgh},
year={2012}
}

@BOOK{tela1,
  organization = {ENGENHARIA DE SISTEMAS DE CONHECIMENTO},
  title = {(ESC) Eletrocad módulo altimetria. Versão 1},
  publisher = {Engenharia de Sistemas de Conhecimento},
  year = {2013}  
}

@INBOOK{cap-livro,
  author = {L. F. W. GÓES and D. O. G. Neto and R. Ferreira  and W. Cirne},
  title = {Computação em grade},
  subtitle = {Conceitos, Tecnologias,  Aplicações   e  Tendências},
  organization = {L. F. W. GÓES},
  chapter = {11},
  booktitle = {Escola Regional de Informática de Minas Gerais},  
  publisher = {ERI MG},
  pages = {40},
  year = {2005},
  address = {Belo Horizonte}
}

@BOOK{pmbok,
  organization = {PROJECT MANAGEMENT INSTITUTE},
  title = {A Guide to the project management body of knowledge (PMBOK guides)},
  publisher = {Project Management},  
  address = {Pennsylvania},
  year = {2004},
 key = {{$\!\!$}}
}

@INBOOK{biblia,
  author = {EXODO},
  organization = {A BÍBLIA:},
  publisher = {Paulinas, 2002},
  address = {tradução ecumênica. São Paulo}
}

@INBOOK{musica,
  author = {Jimmy Page and Robert Plant},
  title = {Going to California},
  organization = {Led Zeppelin},
  publisher = {Atlantic Records},
  year = {1971},
  address = {California}
}

